@MISC{fig_MVC_Diagram_3,
  author={BlueSky23},
  title={MVC Diagram},
  year={2011},
  note={This file is licensed under the Creative Commons Attribution-Share Alike 3.0 Unported license.},
  url={https://commons.wikimedia.org/wiki/File:MVC_Diagram_3.jpg}
}

@MISC{fig_Rest_API,
  author={Seobility},
  title={REST API},
  note={License: CC BY-SA 4.0},
  url={https://www.seobility.net/en/wiki/images/thumb/f/f1/Rest-API.png/675px-Rest-API.png}
}

@MISC{fig_Plataforma_internet,
  author={Elisa.garcia.1994},
  title={Plataforma Internet},
  date={2018-06-30},
  note={This file is licensed under the Creative Commons Attribution-Share Alike 4.0 International license.},
  url={https://commons.wikimedia.org/wiki/File:Plataforma_internet.png}
}

@MISC{fig_JWT_authentication,
  author={Ghate, Shreya},
  journal={HackerNoon},
  month={6},
  title={Using session cookies vs. JWT for authentication},
  year={2020},
  url={https://hackernoon.imgix.net/images/pazJZnCJTqSZxQS4tltZo4Gatbo1-fo8h3yl1.jpg},
}

@MISC{fig_JWT_structure,
  author={Ghate, Shreya},
  journal={HackerNoon},
  month={6},
  title={Using session cookies vs. JWT for authentication},
  year={2020},
  url={https://hackernoon.imgix.net/images/pazJZnCJTqSZxQS4tltZo4Gatbo1-h7an3ylo.jpg},
}
