
@article{aghaei2012evolution,
  title={Evolution of the world wide web: From WEB 1.0 TO WEB 4.0},
  author={Aghaei, Sareh and Nematbakhsh, Mohammad Ali and Farsani, Hadi Khosravi},
  journal={International Journal of Web \& Semantic Technology},
  volume={3},
  number={1},
  pages={1--10},
  year={2012},
  publisher={Academy \& Industry Research Collaboration Center (AIRCC)}
}

@inproceedings{grigorev2014string,
  title={String-embedded language support in integrated development environment},
  author={Grigorev, Semen and Verbitskaia, Ekaterina and Ivanov, Andrei and Polubelova, Marina and Mavchun, Ekaterina},
  booktitle={Proceedings of the 10th Central and Eastern European Software Engineering Conference in Russia},
  pages={1--11},
  year={2014}
}

@article{spinellis2012git,
  title={Git},
  author={Spinellis, Diomidis},
  journal={IEEE software},
  volume={29},
  number={3},
  pages={100--101},
  year={2012},
  publisher={IEEE}
}

@book{loeliger2012version,
  title={Version Control with Git: Powerful tools and techniques for collaborative software development},
  author={Loeliger, Jon and McCullough, Matthew},
  year={2012},
  publisher={" O'Reilly Media, Inc."}
}

@online{gitkrakenwhatisit,
  ALTauthor = {Ifunanya Ikemma},
  ALTeditor = {Ifunanya Ikemma},
  title = {GitKraken, what is it? and common actions?},
  date = {2019-05-24},
  url = {https://dev.to/iphytech/gitkraken-what-is-it-and-common-actions-5531}
}

@misc{internet_britannica, 
  title={Internet},
  url={https://www.britannica.com/technology/Internet#ref255529},
  journal={Britannica},
  author={Khan, Robert},
  year={2022},
  month={Apr}
}